%YAML 1.1
%TAG !u! tag:unity3d.com,2011:
--- !u!29 &1
SceneSettings:
  m_ObjectHideFlags: 0
  m_PVSData: 
  m_PVSObjectsArray: []
  m_PVSPortalsArray: []
  m_OcclusionBakeSettings:
    smallestOccluder: 5
    smallestHole: .25
    backfaceThreshold: 100
--- !u!104 &2
RenderSettings:
  m_Fog: 0
  m_FogColor: {r: .5, g: .5, b: .5, a: 1}
  m_FogMode: 3
  m_FogDensity: .00999999978
  m_LinearFogStart: 0
  m_LinearFogEnd: 300
  m_AmbientLight: {r: .200000003, g: .200000003, b: .200000003, a: 1}
  m_SkyboxMaterial: {fileID: 0}
  m_HaloStrength: .5
  m_FlareStrength: 1
  m_FlareFadeSpeed: 3
  m_HaloTexture: {fileID: 0}
  m_SpotCookie: {fileID: 0}
  m_ObjectHideFlags: 0
--- !u!127 &3
LevelGameManager:
  m_ObjectHideFlags: 0
--- !u!157 &4
LightmapSettings:
  m_ObjectHideFlags: 0
  m_LightProbes: {fileID: 0}
  m_Lightmaps: []
  m_LightmapsMode: 1
  m_BakedColorSpace: 0
  m_UseDualLightmapsInForward: 0
  m_LightmapEditorSettings:
    m_Resolution: 50
    m_LastUsedResolution: 0
    m_TextureWidth: 1024
    m_TextureHeight: 1024
    m_BounceBoost: 1
    m_BounceIntensity: 1
    m_SkyLightColor: {r: .860000014, g: .930000007, b: 1, a: 1}
    m_SkyLightIntensity: 0
    m_Quality: 0
    m_Bounces: 1
    m_FinalGatherRays: 1000
    m_FinalGatherContrastThreshold: .0500000007
    m_FinalGatherGradientThreshold: 0
    m_FinalGatherInterpolationPoints: 15
    m_AOAmount: 0
    m_AOMaxDistance: .100000001
    m_AOContrast: 1
    m_LODSurfaceMappingDistance: 1
    m_Padding: 0
    m_TextureCompression: 0
    m_LockAtlas: 0
--- !u!196 &5
NavMeshSettings:
  m_ObjectHideFlags: 0
  m_BuildSettings:
    agentRadius: .5
    agentHeight: 2
    agentSlope: 45
    agentClimb: .400000006
    ledgeDropHeight: 0
    maxJumpAcrossDistance: 0
    accuratePlacement: 0
    minRegionArea: 2
    widthInaccuracy: 16.666666
    heightInaccuracy: 10
  m_NavMesh: {fileID: 0}
--- !u!1 &16856316
GameObject:
  m_ObjectHideFlags: 0
  m_PrefabParentObject: {fileID: 100000, guid: f2674cc2ee540d846ae8c1d3dc38fffc, type: 2}
  m_PrefabInternal: {fileID: 1463527069}
  serializedVersion: 4
  m_Component:
  - 4: {fileID: 16856317}
  - 212: {fileID: 16856319}
  - 114: {fileID: 16856318}
  m_Layer: 0
  m_Name: Fade
  m_TagString: Untagged
  m_Icon: {fileID: 0}
  m_NavMeshLayer: 0
  m_StaticEditorFlags: 0
  m_IsActive: 1
--- !u!4 &16856317
Transform:
  m_ObjectHideFlags: 0
  m_PrefabParentObject: {fileID: 400000, guid: f2674cc2ee540d846ae8c1d3dc38fffc, type: 2}
  m_PrefabInternal: {fileID: 1463527069}
  m_GameObject: {fileID: 16856316}
  m_LocalRotation: {x: 0, y: 0, z: 0, w: 1}
  m_LocalPosition: {x: 0, y: 0, z: -100}
  m_LocalScale: {x: 100, y: 100, z: 1}
  m_Children: []
  m_Father: {fileID: 1797015357}
  m_RootOrder: 2
--- !u!114 &16856318
MonoBehaviour:
  m_ObjectHideFlags: 0
  m_PrefabParentObject: {fileID: 11400000, guid: f2674cc2ee540d846ae8c1d3dc38fffc,
    type: 2}
  m_PrefabInternal: {fileID: 1463527069}
  m_GameObject: {fileID: 16856316}
  m_Enabled: 1
  m_EditorHideFlags: 0
  m_Script: {fileID: 11500000, guid: 6d53d1844f059134680e0bbc8c281b30, type: 3}
  m_Name: 
  m_EditorClassIdentifier: 
  sprite: {fileID: 16856319}
  state: 0
  fadeTime: 1
--- !u!212 &16856319
SpriteRenderer:
  m_ObjectHideFlags: 0
  m_PrefabParentObject: {fileID: 21200000, guid: f2674cc2ee540d846ae8c1d3dc38fffc,
    type: 2}
  m_PrefabInternal: {fileID: 1463527069}
  m_GameObject: {fileID: 16856316}
  m_Enabled: 1
  m_CastShadows: 0
  m_ReceiveShadows: 0
  m_LightmapIndex: 255
  m_LightmapTilingOffset: {x: 1, y: 1, z: 0, w: 0}
  m_Materials:
  - {fileID: 10754, guid: 0000000000000000e000000000000000, type: 0}
  m_SubsetIndices: 
  m_StaticBatchRoot: {fileID: 0}
  m_UseLightProbes: 0
  m_LightProbeAnchor: {fileID: 0}
  m_ScaleInLightmap: 1
  m_SortingLayerID: 0
  m_SortingOrder: 0
  m_Sprite: {fileID: 21300000, guid: 9cd83721f7e1dba4dae9c148ed91b95c, type: 3}
  m_Color: {r: 0, g: 0, b: 0, a: 0}
--- !u!1 &133291054
GameObject:
  m_ObjectHideFlags: 0
  m_PrefabParentObject: {fileID: 100604, guid: 59d71fceed2e1f34eb711867ed67a9fe, type: 2}
  m_PrefabInternal: {fileID: 0}
  serializedVersion: 4
  m_Component:
  - 4: {fileID: 133291055}
  m_Layer: 0
  m_Name: 3DObject
  m_TagString: 3DObject
  m_Icon: {fileID: 0}
  m_NavMeshLayer: 0
  m_StaticEditorFlags: 0
  m_IsActive: 1
--- !u!4 &133291055
Transform:
  m_ObjectHideFlags: 0
  m_PrefabParentObject: {fileID: 400604, guid: 59d71fceed2e1f34eb711867ed67a9fe, type: 2}
  m_PrefabInternal: {fileID: 0}
  m_GameObject: {fileID: 133291054}
  m_LocalRotation: {x: 0, y: 0, z: 0, w: 1}
  m_LocalPosition: {x: 0, y: 0, z: 0}
  m_LocalScale: {x: 1, y: 1, z: 1}
  m_Children:
  - {fileID: 1943729412}
  - {fileID: 2131377378}
  - {fileID: 795233149}
  m_Father: {fileID: 0}
  m_RootOrder: 1
--- !u!1 &157128299
GameObject:
  m_ObjectHideFlags: 0
  m_PrefabParentObject: {fileID: 0}
  m_PrefabInternal: {fileID: 0}
  serializedVersion: 4
  m_Component:
  - 4: {fileID: 157128300}
  - 23: {fileID: 157128302}
  - 102: {fileID: 157128301}
  m_Layer: 0
  m_Name: Rank
  m_TagString: Untagged
  m_Icon: {fileID: 0}
  m_NavMeshLayer: 0
  m_StaticEditorFlags: 0
  m_IsActive: 1
--- !u!4 &157128300
Transform:
  m_ObjectHideFlags: 0
  m_PrefabParentObject: {fileID: 0}
  m_PrefabInternal: {fileID: 0}
  m_GameObject: {fileID: 157128299}
  m_LocalRotation: {x: 0, y: 0, z: 0, w: 1}
  m_LocalPosition: {x: 0, y: 0, z: -1}
  m_LocalScale: {x: 1, y: 1, z: 1}
  m_Children: []
  m_Father: {fileID: 1797015357}
  m_RootOrder: 3
--- !u!102 &157128301
TextMesh:
  serializedVersion: 3
  m_ObjectHideFlags: 0
  m_PrefabParentObject: {fileID: 0}
  m_PrefabInternal: {fileID: 0}
  m_GameObject: {fileID: 157128299}
  m_Text: "\u30E9\u30F3\u30AF C"
  m_OffsetZ: 0
  m_CharacterSize: .100000001
  m_LineSpacing: 1
  m_Anchor: 4
  m_Alignment: 0
  m_TabSize: 4
  m_FontSize: 151
  m_FontStyle: 0
  m_RichText: 1
  m_Font: {fileID: 10102, guid: 0000000000000000e000000000000000, type: 0}
  m_Color:
    serializedVersion: 2
    rgba: 4278190080
--- !u!23 &157128302
Renderer:
  m_ObjectHideFlags: 0
  m_PrefabParentObject: {fileID: 0}
  m_PrefabInternal: {fileID: 0}
  m_GameObject: {fileID: 157128299}
  m_Enabled: 1
  m_CastShadows: 1
  m_ReceiveShadows: 1
  m_LightmapIndex: 255
  m_LightmapTilingOffset: {x: 1, y: 1, z: 0, w: 0}
  m_Materials:
  - {fileID: 10100, guid: 0000000000000000e000000000000000, type: 0}
  m_SubsetIndices: 
  m_StaticBatchRoot: {fileID: 0}
  m_UseLightProbes: 0
  m_LightProbeAnchor: {fileID: 0}
  m_ScaleInLightmap: 1
  m_SortingLayerID: 0
  m_SortingOrder: 0
--- !u!1 &284714899
GameObject:
  m_ObjectHideFlags: 0
  m_PrefabParentObject: {fileID: 100024, guid: 82b1a36d7fd2ecb408d48b44089fc5e7, type: 3}
  m_PrefabInternal: {fileID: 352820997}
  serializedVersion: 4
  m_Component:
  - 4: {fileID: 284714900}
  m_Layer: 0
  m_Name: neck_joint
  m_TagString: Untagged
  m_Icon: {fileID: 0}
  m_NavMeshLayer: 0
  m_StaticEditorFlags: 0
  m_IsActive: 1
--- !u!4 &284714900
Transform:
  m_ObjectHideFlags: 0
  m_PrefabParentObject: {fileID: 400024, guid: 82b1a36d7fd2ecb408d48b44089fc5e7, type: 3}
  m_PrefabInternal: {fileID: 352820997}
  m_GameObject: {fileID: 284714899}
  m_LocalRotation: {x: 0, y: -0, z: -0, w: 1}
  m_LocalPosition: {x: -0, y: .411669821, z: 1.8278141}
  m_LocalScale: {x: 1, y: 1, z: 1}
  m_Children:
  - {fileID: 719686890}
  m_Father: {fileID: 1860322343}
  m_RootOrder: 2
--- !u!1001 &352820997
Prefab:
  m_ObjectHideFlags: 0
  serializedVersion: 2
  m_Modification:
    m_TransformParent: {fileID: 133291055}
    m_Modifications:
    - target: {fileID: 400040, guid: 82b1a36d7fd2ecb408d48b44089fc5e7, type: 3}
      propertyPath: m_LocalPosition.x
      value: 0
      objectReference: {fileID: 0}
    - target: {fileID: 400040, guid: 82b1a36d7fd2ecb408d48b44089fc5e7, type: 3}
      propertyPath: m_LocalPosition.y
      value: 0
      objectReference: {fileID: 0}
    - target: {fileID: 400040, guid: 82b1a36d7fd2ecb408d48b44089fc5e7, type: 3}
      propertyPath: m_LocalPosition.z
      value: 6.80000019
      objectReference: {fileID: 0}
    - target: {fileID: 400040, guid: 82b1a36d7fd2ecb408d48b44089fc5e7, type: 3}
      propertyPath: m_LocalRotation.x
      value: 0
      objectReference: {fileID: 0}
    - target: {fileID: 400040, guid: 82b1a36d7fd2ecb408d48b44089fc5e7, type: 3}
      propertyPath: m_LocalRotation.y
      value: -.707106829
      objectReference: {fileID: 0}
    - target: {fileID: 400040, guid: 82b1a36d7fd2ecb408d48b44089fc5e7, type: 3}
      propertyPath: m_LocalRotation.z
      value: 0
      objectReference: {fileID: 0}
    - target: {fileID: 400040, guid: 82b1a36d7fd2ecb408d48b44089fc5e7, type: 3}
      propertyPath: m_LocalRotation.w
      value: .707106829
      objectReference: {fileID: 0}
    - target: {fileID: 400040, guid: 82b1a36d7fd2ecb408d48b44089fc5e7, type: 3}
      propertyPath: m_RootOrder
      value: 2
      objectReference: {fileID: 0}
    - target: {fileID: 400040, guid: 82b1a36d7fd2ecb408d48b44089fc5e7, type: 3}
      propertyPath: m_LocalScale.x
      value: 1
      objectReference: {fileID: 0}
    - target: {fileID: 400040, guid: 82b1a36d7fd2ecb408d48b44089fc5e7, type: 3}
      propertyPath: m_LocalScale.y
      value: 1
      objectReference: {fileID: 0}
    - target: {fileID: 400040, guid: 82b1a36d7fd2ecb408d48b44089fc5e7, type: 3}
      propertyPath: m_LocalScale.z
      value: 1
      objectReference: {fileID: 0}
    - target: {fileID: 9500000, guid: 82b1a36d7fd2ecb408d48b44089fc5e7, type: 3}
      propertyPath: m_Controller
      value: 
      objectReference: {fileID: 9100000, guid: ca0025fd4ae830b48a4577d8453ef6b9, type: 2}
    m_RemovedComponents: []
  m_ParentPrefab: {fileID: 100100000, guid: 82b1a36d7fd2ecb408d48b44089fc5e7, type: 3}
  m_RootGameObject: {fileID: 795233148}
  m_IsPrefabParent: 0
  m_IsExploded: 1
--- !u!1 &365602880
GameObject:
  m_ObjectHideFlags: 0
  m_PrefabParentObject: {fileID: 100038, guid: 82b1a36d7fd2ecb408d48b44089fc5e7, type: 3}
  m_PrefabInternal: {fileID: 352820997}
  serializedVersion: 4
  m_Component:
  - 4: {fileID: 365602881}
  m_Layer: 0
  m_Name: tail2_joint
  m_TagString: Untagged
  m_Icon: {fileID: 0}
  m_NavMeshLayer: 0
  m_StaticEditorFlags: 0
  m_IsActive: 1
--- !u!4 &365602881
Transform:
  m_ObjectHideFlags: 0
  m_PrefabParentObject: {fileID: 400038, guid: 82b1a36d7fd2ecb408d48b44089fc5e7, type: 3}
  m_PrefabInternal: {fileID: 352820997}
  m_GameObject: {fileID: 365602880}
  m_LocalRotation: {x: 0, y: -0, z: -0, w: 1}
  m_LocalPosition: {x: -0, y: .0913702473, z: -2.27120447}
  m_LocalScale: {x: 1, y: 1, z: 1}
  m_Children:
  - {fileID: 1973840135}
  - {fileID: 583265176}
  m_Father: {fileID: 462722942}
  m_RootOrder: 0
--- !u!1 &438950067
GameObject:
  m_ObjectHideFlags: 0
  m_PrefabParentObject: {fileID: 100018, guid: 82b1a36d7fd2ecb408d48b44089fc5e7, type: 3}
  m_PrefabInternal: {fileID: 352820997}
  serializedVersion: 4
  m_Component:
  - 4: {fileID: 438950068}
  m_Layer: 0
  m_Name: leftfan3_joint
  m_TagString: Untagged
  m_Icon: {fileID: 0}
  m_NavMeshLayer: 0
  m_StaticEditorFlags: 0
  m_IsActive: 1
--- !u!4 &438950068
Transform:
  m_ObjectHideFlags: 0
  m_PrefabParentObject: {fileID: 400018, guid: 82b1a36d7fd2ecb408d48b44089fc5e7, type: 3}
  m_PrefabInternal: {fileID: 352820997}
  m_GameObject: {fileID: 438950067}
  m_LocalRotation: {x: 0, y: -0, z: -0, w: 1}
  m_LocalPosition: {x: -0, y: 0, z: -1.79391468}
  m_LocalScale: {x: 1, y: 1, z: 1}
  m_Children: []
  m_Father: {fileID: 1405710372}
  m_RootOrder: 0
--- !u!1 &462722941
GameObject:
  m_ObjectHideFlags: 0
  m_PrefabParentObject: {fileID: 100036, guid: 82b1a36d7fd2ecb408d48b44089fc5e7, type: 3}
  m_PrefabInternal: {fileID: 352820997}
  serializedVersion: 4
  m_Component:
  - 4: {fileID: 462722942}
  m_Layer: 0
  m_Name: tail1_joint
  m_TagString: Untagged
  m_Icon: {fileID: 0}
  m_NavMeshLayer: 0
  m_StaticEditorFlags: 0
  m_IsActive: 1
--- !u!4 &462722942
Transform:
  m_ObjectHideFlags: 0
  m_PrefabParentObject: {fileID: 400036, guid: 82b1a36d7fd2ecb408d48b44089fc5e7, type: 3}
  m_PrefabInternal: {fileID: 352820997}
  m_GameObject: {fileID: 462722941}
  m_LocalRotation: {x: 0, y: -0, z: -0, w: 1}
  m_LocalPosition: {x: -0, y: .208846286, z: -2.36257362}
  m_LocalScale: {x: 1, y: 1, z: 1}
  m_Children:
  - {fileID: 365602881}
  m_Father: {fileID: 1860322343}
  m_RootOrder: 5
--- !u!1 &476261565
GameObject:
  m_ObjectHideFlags: 0
  m_PrefabParentObject: {fileID: 0}
  m_PrefabInternal: {fileID: 0}
  serializedVersion: 4
  m_Component:
  - 4: {fileID: 476261566}
  - 212: {fileID: 476261567}
  m_Layer: 0
  m_Name: TradeBack
  m_TagString: Untagged
  m_Icon: {fileID: 0}
  m_NavMeshLayer: 0
  m_StaticEditorFlags: 0
  m_IsActive: 1
--- !u!4 &476261566
Transform:
  m_ObjectHideFlags: 0
  m_PrefabParentObject: {fileID: 0}
  m_PrefabInternal: {fileID: 0}
  m_GameObject: {fileID: 476261565}
  m_LocalRotation: {x: 0, y: 0, z: 0, w: 1}
  m_LocalPosition: {x: 0, y: 0, z: 0}
  m_LocalScale: {x: 12, y: 7, z: 1}
  m_Children: []
  m_Father: {fileID: 1797015357}
  m_RootOrder: 1
--- !u!212 &476261567
SpriteRenderer:
  m_ObjectHideFlags: 0
  m_PrefabParentObject: {fileID: 0}
  m_PrefabInternal: {fileID: 0}
  m_GameObject: {fileID: 476261565}
  m_Enabled: 1
  m_CastShadows: 0
  m_ReceiveShadows: 0
  m_LightmapIndex: 255
  m_LightmapTilingOffset: {x: 1, y: 1, z: 0, w: 0}
  m_Materials:
  - {fileID: 10754, guid: 0000000000000000e000000000000000, type: 0}
  m_SubsetIndices: 
  m_StaticBatchRoot: {fileID: 0}
  m_UseLightProbes: 0
  m_LightProbeAnchor: {fileID: 0}
  m_ScaleInLightmap: 1
  m_SortingLayerID: 0
  m_SortingOrder: 0
  m_Sprite: {fileID: 21300000, guid: 9cd83721f7e1dba4dae9c148ed91b95c, type: 3}
  m_Color: {r: 1, g: 1, b: 1, a: .627451003}
--- !u!1 &583265175
GameObject:
  m_ObjectHideFlags: 0
  m_PrefabParentObject: {fileID: 100042, guid: 82b1a36d7fd2ecb408d48b44089fc5e7, type: 3}
  m_PrefabInternal: {fileID: 352820997}
  serializedVersion: 4
  m_Component:
  - 4: {fileID: 583265176}
  m_Layer: 0
  m_Name: uptail_joint
  m_TagString: Untagged
  m_Icon: {fileID: 0}
  m_NavMeshLayer: 0
  m_StaticEditorFlags: 0
  m_IsActive: 1
--- !u!4 &583265176
Transform:
  m_ObjectHideFlags: 0
  m_PrefabParentObject: {fileID: 400042, guid: 82b1a36d7fd2ecb408d48b44089fc5e7, type: 3}
  m_PrefabInternal: {fileID: 352820997}
  m_GameObject: {fileID: 583265175}
  m_LocalRotation: {x: 0, y: -0, z: -0, w: 1}
  m_LocalPosition: {x: -0, y: .398110688, z: 0}
  m_LocalScale: {x: 1, y: 1, z: 1}
  m_Children: []
  m_Father: {fileID: 365602881}
  m_RootOrder: 1
--- !u!1 &719686889
GameObject:
  m_ObjectHideFlags: 0
  m_PrefabParentObject: {fileID: 100010, guid: 82b1a36d7fd2ecb408d48b44089fc5e7, type: 3}
  m_PrefabInternal: {fileID: 352820997}
  serializedVersion: 4
  m_Component:
  - 4: {fileID: 719686890}
  m_Layer: 0
  m_Name: head_joint
  m_TagString: Untagged
  m_Icon: {fileID: 0}
  m_NavMeshLayer: 0
  m_StaticEditorFlags: 0
  m_IsActive: 1
--- !u!4 &719686890
Transform:
  m_ObjectHideFlags: 0
  m_PrefabParentObject: {fileID: 400010, guid: 82b1a36d7fd2ecb408d48b44089fc5e7, type: 3}
  m_PrefabInternal: {fileID: 352820997}
  m_GameObject: {fileID: 719686889}
  m_LocalRotation: {x: 0, y: -0, z: -0, w: 1}
  m_LocalPosition: {x: -0, y: 0, z: 1.77841377}
  m_LocalScale: {x: 1, y: 1, z: 1}
  m_Children: []
  m_Father: {fileID: 284714900}
  m_RootOrder: 0
--- !u!1 &795233148
GameObject:
  m_ObjectHideFlags: 0
  m_PrefabParentObject: {fileID: 100040, guid: 82b1a36d7fd2ecb408d48b44089fc5e7, type: 3}
  m_PrefabInternal: {fileID: 352820997}
  serializedVersion: 4
  m_Component:
  - 4: {fileID: 795233149}
  - 95: {fileID: 795233150}
  m_Layer: 0
  m_Name: tobimart
  m_TagString: Untagged
  m_Icon: {fileID: 0}
  m_NavMeshLayer: 0
  m_StaticEditorFlags: 0
  m_IsActive: 1
--- !u!4 &795233149
Transform:
  m_ObjectHideFlags: 0
  m_PrefabParentObject: {fileID: 400040, guid: 82b1a36d7fd2ecb408d48b44089fc5e7, type: 3}
  m_PrefabInternal: {fileID: 352820997}
  m_GameObject: {fileID: 795233148}
  m_LocalRotation: {x: 0, y: -.707106829, z: 0, w: .707106829}
  m_LocalPosition: {x: 0, y: 0, z: 6.80000019}
  m_LocalScale: {x: 1, y: 1, z: 1}
  m_Children:
  - {fileID: 896681203}
  - {fileID: 1790866630}
  m_Father: {fileID: 133291055}
  m_RootOrder: 2
--- !u!95 &795233150
Animator:
  serializedVersion: 3
  m_ObjectHideFlags: 0
  m_PrefabParentObject: {fileID: 9500000, guid: 82b1a36d7fd2ecb408d48b44089fc5e7,
    type: 3}
  m_PrefabInternal: {fileID: 352820997}
  m_GameObject: {fileID: 795233148}
  m_Enabled: 1
  m_Avatar: {fileID: 9000000, guid: 82b1a36d7fd2ecb408d48b44089fc5e7, type: 3}
  m_Controller: {fileID: 9100000, guid: ca0025fd4ae830b48a4577d8453ef6b9, type: 2}
  m_CullingMode: 1
  m_UpdateMode: 0
  m_ApplyRootMotion: 1
  m_HasTransformHierarchy: 1
  m_AllowConstantClipSamplingOptimization: 1
--- !u!1 &872383300
GameObject:
  m_ObjectHideFlags: 0
  m_PrefabParentObject: {fileID: 100000, guid: f36c2b70b902be14f925c9f144dbff84, type: 2}
  m_PrefabInternal: {fileID: 1832561945}
  serializedVersion: 4
  m_Component:
  - 4: {fileID: 872383301}
  - 20: {fileID: 872383302}
  m_Layer: 0
  m_Name: 2DCamera
  m_TagString: Untagged
  m_Icon: {fileID: 0}
  m_NavMeshLayer: 0
  m_StaticEditorFlags: 0
  m_IsActive: 1
--- !u!4 &872383301
Transform:
  m_ObjectHideFlags: 0
  m_PrefabParentObject: {fileID: 400000, guid: f36c2b70b902be14f925c9f144dbff84, type: 2}
  m_PrefabInternal: {fileID: 1832561945}
  m_GameObject: {fileID: 872383300}
  m_LocalRotation: {x: 0, y: 0, z: 0, w: 1}
  m_LocalPosition: {x: 0, y: 0, z: 0}
  m_LocalScale: {x: 1, y: 1, z: 1}
  m_Children: []
  m_Father: {fileID: 1797015357}
  m_RootOrder: 0
--- !u!20 &872383302
Camera:
  m_ObjectHideFlags: 0
  m_PrefabParentObject: {fileID: 2000000, guid: f36c2b70b902be14f925c9f144dbff84,
    type: 2}
  m_PrefabInternal: {fileID: 1832561945}
  m_GameObject: {fileID: 872383300}
  m_Enabled: 1
  serializedVersion: 2
  m_ClearFlags: 3
  m_BackGroundColor: {r: .192156866, g: .301960796, b: .474509805, a: .0196078438}
  m_NormalizedViewPortRect:
    serializedVersion: 2
    x: 0
    y: 0
    width: 1
    height: 1
  near clip plane: -100
  far clip plane: 100
  field of view: 60
  orthographic: 1
  orthographic size: 5
  m_Depth: 100
  m_CullingMask:
    serializedVersion: 2
    m_Bits: 4294967295
  m_RenderingPath: -1
  m_TargetTexture: {fileID: 0}
  m_TargetDisplay: 0
  m_HDR: 0
  m_OcclusionCulling: 1
  m_StereoConvergence: 10
  m_StereoSeparation: .0219999999
--- !u!1 &882527645
GameObject:
  m_ObjectHideFlags: 0
  m_PrefabParentObject: {fileID: 100030, guid: 82b1a36d7fd2ecb408d48b44089fc5e7, type: 3}
  m_PrefabInternal: {fileID: 352820997}
  serializedVersion: 4
  m_Component:
  - 4: {fileID: 882527646}
  m_Layer: 0
  m_Name: rightfan3_joint
  m_TagString: Untagged
  m_Icon: {fileID: 0}
  m_NavMeshLayer: 0
  m_StaticEditorFlags: 0
  m_IsActive: 1
--- !u!4 &882527646
Transform:
  m_ObjectHideFlags: 0
  m_PrefabParentObject: {fileID: 400030, guid: 82b1a36d7fd2ecb408d48b44089fc5e7, type: 3}
  m_PrefabInternal: {fileID: 352820997}
  m_GameObject: {fileID: 882527645}
  m_LocalRotation: {x: 0, y: -0, z: -0, w: 1}
  m_LocalPosition: {x: -0, y: 1.77635687e-16, z: 1.79391372}
  m_LocalScale: {x: 1, y: 1, z: 1}
  m_Children: []
  m_Father: {fileID: 1541188847}
  m_RootOrder: 0
--- !u!1 &896681202
GameObject:
  m_ObjectHideFlags: 0
  m_PrefabParentObject: {fileID: 100020, guid: 82b1a36d7fd2ecb408d48b44089fc5e7, type: 3}
  m_PrefabInternal: {fileID: 352820997}
  serializedVersion: 4
  m_Component:
  - 4: {fileID: 896681203}
  m_Layer: 0
  m_Name: Mesh
  m_TagString: Untagged
  m_Icon: {fileID: 0}
  m_NavMeshLayer: 0
  m_StaticEditorFlags: 0
  m_IsActive: 1
--- !u!4 &896681203
Transform:
  m_ObjectHideFlags: 0
  m_PrefabParentObject: {fileID: 400020, guid: 82b1a36d7fd2ecb408d48b44089fc5e7, type: 3}
  m_PrefabInternal: {fileID: 352820997}
  m_GameObject: {fileID: 896681202}
  m_LocalRotation: {x: 0, y: -0, z: -0, w: 1}
  m_LocalPosition: {x: -0, y: 0, z: 0}
  m_LocalScale: {x: 1, y: 1, z: 1}
  m_Children:
  - {fileID: 978524065}
  m_Father: {fileID: 795233149}
  m_RootOrder: 0
--- !u!1 &934706625
GameObject:
  m_ObjectHideFlags: 0
  m_PrefabParentObject: {fileID: 100034, guid: 82b1a36d7fd2ecb408d48b44089fc5e7, type: 3}
  m_PrefabInternal: {fileID: 352820997}
  serializedVersion: 4
  m_Component:
  - 4: {fileID: 934706626}
  m_Layer: 0
  m_Name: stomach_joint
  m_TagString: Untagged
  m_Icon: {fileID: 0}
  m_NavMeshLayer: 0
  m_StaticEditorFlags: 0
  m_IsActive: 1
--- !u!4 &934706626
Transform:
  m_ObjectHideFlags: 0
  m_PrefabParentObject: {fileID: 400034, guid: 82b1a36d7fd2ecb408d48b44089fc5e7, type: 3}
  m_PrefabInternal: {fileID: 352820997}
  m_GameObject: {fileID: 934706625}
  m_LocalRotation: {x: 0, y: -0, z: -0, w: 1}
  m_LocalPosition: {x: -0, y: -1.80479109, z: 0}
  m_LocalScale: {x: 1, y: 1, z: 1}
  m_Children:
  - {fileID: 1726313283}
  - {fileID: 1975949177}
  m_Father: {fileID: 1860322343}
  m_RootOrder: 4
--- !u!1 &978524064
GameObject:
  m_ObjectHideFlags: 0
  m_PrefabParentObject: {fileID: 100022, guid: 82b1a36d7fd2ecb408d48b44089fc5e7, type: 3}
  m_PrefabInternal: {fileID: 352820997}
  serializedVersion: 4
  m_Component:
  - 4: {fileID: 978524065}
  - 137: {fileID: 978524066}
  m_Layer: 0
  m_Name: Mesh 1
  m_TagString: Untagged
  m_Icon: {fileID: 0}
  m_NavMeshLayer: 0
  m_StaticEditorFlags: 0
  m_IsActive: 1
--- !u!4 &978524065
Transform:
  m_ObjectHideFlags: 0
  m_PrefabParentObject: {fileID: 400022, guid: 82b1a36d7fd2ecb408d48b44089fc5e7, type: 3}
  m_PrefabInternal: {fileID: 352820997}
  m_GameObject: {fileID: 978524064}
  m_LocalRotation: {x: 0, y: -0, z: -0, w: 1}
  m_LocalPosition: {x: -0, y: 0, z: 0}
  m_LocalScale: {x: 1, y: 1, z: 1}
  m_Children: []
  m_Father: {fileID: 896681203}
  m_RootOrder: 0
--- !u!137 &978524066
SkinnedMeshRenderer:
  m_ObjectHideFlags: 0
  m_PrefabParentObject: {fileID: 13700000, guid: 82b1a36d7fd2ecb408d48b44089fc5e7,
    type: 3}
  m_PrefabInternal: {fileID: 352820997}
  m_GameObject: {fileID: 978524064}
  m_Enabled: 1
  m_CastShadows: 1
  m_ReceiveShadows: 1
  m_LightmapIndex: 255
  m_LightmapTilingOffset: {x: 1, y: 1, z: 0, w: 0}
  m_Materials:
  - {fileID: 2100000, guid: f6799dbf76c35644f80b8bb4e2a25ad0, type: 2}
  m_SubsetIndices: 
  m_StaticBatchRoot: {fileID: 0}
  m_UseLightProbes: 0
  m_LightProbeAnchor: {fileID: 0}
  m_ScaleInLightmap: 1
  m_SortingLayerID: 0
  m_SortingOrder: 0
  serializedVersion: 2
  m_Quality: 0
  m_UpdateWhenOffscreen: 0
  m_Mesh: {fileID: 4300000, guid: 82b1a36d7fd2ecb408d48b44089fc5e7, type: 3}
  m_Bones:
  - {fileID: 438950068}
  - {fileID: 1973840135}
  - {fileID: 583265176}
  - {fileID: 1541188847}
  - {fileID: 1405710372}
  - {fileID: 1726313283}
  - {fileID: 1975949177}
  - {fileID: 365602881}
  - {fileID: 1942146862}
  - {fileID: 719686890}
  - {fileID: 1043318407}
  - {fileID: 1825037658}
  - {fileID: 934706626}
  - {fileID: 462722942}
  - {fileID: 1492690649}
  - {fileID: 284714900}
  - {fileID: 1860322343}
  - {fileID: 882527646}
  m_BlendShapeWeights: []
  m_RootBone: {fileID: 1860322343}
  m_AABB:
    m_Center: {x: 0, y: 0, z: 0}
    m_Extent: {x: 3.24299145, y: 2.50709558, z: 5.04079008}
  m_DirtyAABB: 0
--- !u!1 &1043318406
GameObject:
  m_ObjectHideFlags: 0
  m_PrefabParentObject: {fileID: 100026, guid: 82b1a36d7fd2ecb408d48b44089fc5e7, type: 3}
  m_PrefabInternal: {fileID: 352820997}
  serializedVersion: 4
  m_Component:
  - 4: {fileID: 1043318407}
  m_Layer: 0
  m_Name: rightfan1_joint
  m_TagString: Untagged
  m_Icon: {fileID: 0}
  m_NavMeshLayer: 0
  m_StaticEditorFlags: 0
  m_IsActive: 1
--- !u!4 &1043318407
Transform:
  m_ObjectHideFlags: 0
  m_PrefabParentObject: {fileID: 400026, guid: 82b1a36d7fd2ecb408d48b44089fc5e7, type: 3}
  m_PrefabInternal: {fileID: 352820997}
  m_GameObject: {fileID: 1043318406}
  m_LocalRotation: {x: 1, y: -0, z: 0, w: -6.12323426e-17}
  m_LocalPosition: {x: 1.83556259, y: -.516850889, z: 0}
  m_LocalScale: {x: 1, y: 1, z: 1}
  m_Children:
  - {fileID: 1541188847}
  m_Father: {fileID: 1860322343}
  m_RootOrder: 3
--- !u!1 &1346529463
GameObject:
  m_ObjectHideFlags: 0
  m_PrefabParentObject: {fileID: 0}
  m_PrefabInternal: {fileID: 0}
  serializedVersion: 4
  m_Component:
  - 4: {fileID: 1346529464}
  - 114: {fileID: 1346529465}
  m_Layer: 0
  m_Name: VirtualInput
  m_TagString: Untagged
  m_Icon: {fileID: 0}
  m_NavMeshLayer: 0
  m_StaticEditorFlags: 0
  m_IsActive: 1
--- !u!4 &1346529464
Transform:
  m_ObjectHideFlags: 0
  m_PrefabParentObject: {fileID: 0}
  m_PrefabInternal: {fileID: 0}
  m_GameObject: {fileID: 1346529463}
  m_LocalRotation: {x: 0, y: 0, z: 0, w: 1}
  m_LocalPosition: {x: 10003.7402, y: 9997.12988, z: -5}
  m_LocalScale: {x: 1, y: 1, z: 1}
  m_Children:
  - {fileID: 1485491638}
  m_Father: {fileID: 0}
  m_RootOrder: 3
--- !u!114 &1346529465
MonoBehaviour:
  m_ObjectHideFlags: 0
  m_PrefabParentObject: {fileID: 0}
  m_PrefabInternal: {fileID: 0}
  m_GameObject: {fileID: 1346529463}
  m_Enabled: 1
  m_EditorHideFlags: 0
  m_Script: {fileID: 11500000, guid: a72df9e87da92a44e8f32180a6dd4319, type: 3}
  m_Name: 
  m_EditorClassIdentifier: 
  ValueCorrespondToKeyInput: 0
  InputInterval: 0
  MaxTrigger: 0
--- !u!1 &1405710371
GameObject:
  m_ObjectHideFlags: 0
  m_PrefabParentObject: {fileID: 100016, guid: 82b1a36d7fd2ecb408d48b44089fc5e7, type: 3}
  m_PrefabInternal: {fileID: 352820997}
  serializedVersion: 4
  m_Component:
  - 4: {fileID: 1405710372}
  m_Layer: 0
  m_Name: leftfan2_joint
  m_TagString: Untagged
  m_Icon: {fileID: 0}
  m_NavMeshLayer: 0
  m_StaticEditorFlags: 0
  m_IsActive: 1
--- !u!4 &1405710372
Transform:
  m_ObjectHideFlags: 0
  m_PrefabParentObject: {fileID: 400016, guid: 82b1a36d7fd2ecb408d48b44089fc5e7, type: 3}
  m_PrefabInternal: {fileID: 352820997}
  m_GameObject: {fileID: 1405710371}
  m_LocalRotation: {x: 0, y: -0, z: -0, w: 1}
  m_LocalPosition: {x: -.493481964, y: 0, z: 0}
  m_LocalScale: {x: 1, y: 1, z: 1}
  m_Children:
  - {fileID: 438950068}
  m_Father: {fileID: 1825037658}
  m_RootOrder: 0
--- !u!1 &1409471920
GameObject:
  m_ObjectHideFlags: 0
  m_PrefabParentObject: {fileID: 0}
  m_PrefabInternal: {fileID: 0}
  serializedVersion: 4
  m_Component:
  - 4: {fileID: 1409471922}
  - 114: {fileID: 1409471921}
  m_Layer: 0
  m_Name: RankControll
  m_TagString: Untagged
  m_Icon: {fileID: 0}
  m_NavMeshLayer: 0
  m_StaticEditorFlags: 0
  m_IsActive: 1
--- !u!114 &1409471921
MonoBehaviour:
  m_ObjectHideFlags: 0
  m_PrefabParentObject: {fileID: 0}
  m_PrefabInternal: {fileID: 0}
  m_GameObject: {fileID: 1409471920}
  m_Enabled: 1
  m_EditorHideFlags: 0
  m_Script: {fileID: 11500000, guid: 723215efdf7863542973cdae9e59be2e, type: 3}
  m_Name: 
  m_EditorClassIdentifier: 
  rankLabel: {fileID: 157128301}
  fade: {fileID: 16856318}
--- !u!4 &1409471922
Transform:
  m_ObjectHideFlags: 0
  m_PrefabParentObject: {fileID: 0}
  m_PrefabInternal: {fileID: 0}
  m_GameObject: {fileID: 1409471920}
  m_LocalRotation: {x: 0, y: 0, z: 0, w: 1}
  m_LocalPosition: {x: 10000, y: 10000, z: 0}
  m_LocalScale: {x: 1, y: 1, z: 1}
  m_Children: []
  m_Father: {fileID: 0}
  m_RootOrder: 2
--- !u!1001 &1463527069
Prefab:
  m_ObjectHideFlags: 0
  serializedVersion: 2
  m_Modification:
    m_TransformParent: {fileID: 1797015357}
    m_Modifications:
    - target: {fileID: 400000, guid: f2674cc2ee540d846ae8c1d3dc38fffc, type: 2}
      propertyPath: m_LocalPosition.x
      value: 0
      objectReference: {fileID: 0}
    - target: {fileID: 400000, guid: f2674cc2ee540d846ae8c1d3dc38fffc, type: 2}
      propertyPath: m_LocalPosition.y
      value: 0
      objectReference: {fileID: 0}
    - target: {fileID: 400000, guid: f2674cc2ee540d846ae8c1d3dc38fffc, type: 2}
      propertyPath: m_LocalPosition.z
      value: -100
      objectReference: {fileID: 0}
    - target: {fileID: 400000, guid: f2674cc2ee540d846ae8c1d3dc38fffc, type: 2}
      propertyPath: m_LocalRotation.x
      value: 0
      objectReference: {fileID: 0}
    - target: {fileID: 400000, guid: f2674cc2ee540d846ae8c1d3dc38fffc, type: 2}
      propertyPath: m_LocalRotation.y
      value: 0
      objectReference: {fileID: 0}
    - target: {fileID: 400000, guid: f2674cc2ee540d846ae8c1d3dc38fffc, type: 2}
      propertyPath: m_LocalRotation.z
      value: 0
      objectReference: {fileID: 0}
    - target: {fileID: 400000, guid: f2674cc2ee540d846ae8c1d3dc38fffc, type: 2}
      propertyPath: m_LocalRotation.w
      value: 1
      objectReference: {fileID: 0}
    - target: {fileID: 400000, guid: f2674cc2ee540d846ae8c1d3dc38fffc, type: 2}
      propertyPath: m_RootOrder
      value: 2
      objectReference: {fileID: 0}
    - target: {fileID: 21200000, guid: f2674cc2ee540d846ae8c1d3dc38fffc, type: 2}
      propertyPath: m_Color.a
      value: 0
      objectReference: {fileID: 0}
    m_RemovedComponents: []
  m_ParentPrefab: {fileID: 100100000, guid: f2674cc2ee540d846ae8c1d3dc38fffc, type: 2}
  m_RootGameObject: {fileID: 16856316}
  m_IsPrefabParent: 0
  m_IsExploded: 1
--- !u!1 &1485491636
GameObject:
  m_ObjectHideFlags: 0
  m_PrefabParentObject: {fileID: 0}
  m_PrefabInternal: {fileID: 0}
  serializedVersion: 4
  m_Component:
  - 4: {fileID: 1485491638}
  - 114: {fileID: 1485491637}
  m_Layer: 0
  m_Name: ControllerManager
  m_TagString: Untagged
  m_Icon: {fileID: 0}
  m_NavMeshLayer: 0
  m_StaticEditorFlags: 0
  m_IsActive: 1
--- !u!114 &1485491637
MonoBehaviour:
  m_ObjectHideFlags: 0
  m_PrefabParentObject: {fileID: 0}
  m_PrefabInternal: {fileID: 0}
  m_GameObject: {fileID: 1485491636}
  m_Enabled: 1
  m_EditorHideFlags: 0
  m_Script: {fileID: 11500000, guid: 3087a7cbfd66b8a41a458382fc809020, type: 3}
  m_Name: 
  m_EditorClassIdentifier: 
--- !u!4 &1485491638
Transform:
  m_ObjectHideFlags: 0
  m_PrefabParentObject: {fileID: 0}
  m_PrefabInternal: {fileID: 0}
  m_GameObject: {fileID: 1485491636}
  m_LocalRotation: {x: 0, y: 0, z: 0, w: 1}
  m_LocalPosition: {x: -9868.60254, y: -9983.87402, z: -156.061798}
  m_LocalScale: {x: 1, y: 1, z: 1}
  m_Children: []
  m_Father: {fileID: 1346529464}
  m_RootOrder: 0
--- !u!1 &1492690648
GameObject:
  m_ObjectHideFlags: 0
  m_PrefabParentObject: {fileID: 100004, guid: 82b1a36d7fd2ecb408d48b44089fc5e7, type: 3}
  m_PrefabInternal: {fileID: 352820997}
  serializedVersion: 4
  m_Component:
  - 4: {fileID: 1492690649}
  m_Layer: 0
  m_Name: fin1_joint
  m_TagString: Untagged
  m_Icon: {fileID: 0}
  m_NavMeshLayer: 0
  m_StaticEditorFlags: 0
  m_IsActive: 1
--- !u!4 &1492690649
Transform:
  m_ObjectHideFlags: 0
  m_PrefabParentObject: {fileID: 400004, guid: 82b1a36d7fd2ecb408d48b44089fc5e7, type: 3}
  m_PrefabInternal: {fileID: 352820997}
  m_GameObject: {fileID: 1492690648}
  m_LocalRotation: {x: 0, y: -0, z: -0, w: 1}
  m_LocalPosition: {x: -0, y: 1.80219638, z: 1.14875543}
  m_LocalScale: {x: 1, y: 1, z: 1}
  m_Children:
  - {fileID: 1942146862}
  m_Father: {fileID: 1860322343}
  m_RootOrder: 0
--- !u!1 &1541188846
GameObject:
  m_ObjectHideFlags: 0
  m_PrefabParentObject: {fileID: 100028, guid: 82b1a36d7fd2ecb408d48b44089fc5e7, type: 3}
  m_PrefabInternal: {fileID: 352820997}
  serializedVersion: 4
  m_Component:
  - 4: {fileID: 1541188847}
  m_Layer: 0
  m_Name: rightfan2_joint
  m_TagString: Untagged
  m_Icon: {fileID: 0}
  m_NavMeshLayer: 0
  m_StaticEditorFlags: 0
  m_IsActive: 1
--- !u!4 &1541188847
Transform:
  m_ObjectHideFlags: 0
  m_PrefabParentObject: {fileID: 400028, guid: 82b1a36d7fd2ecb408d48b44089fc5e7, type: 3}
  m_PrefabInternal: {fileID: 352820997}
  m_GameObject: {fileID: 1541188846}
  m_LocalRotation: {x: 0, y: -0, z: -0, w: 1}
  m_LocalPosition: {x: .493480742, y: 0, z: 0}
  m_LocalScale: {x: 1, y: 1, z: 1}
  m_Children:
  - {fileID: 882527646}
  m_Father: {fileID: 1043318407}
  m_RootOrder: 0
--- !u!1 &1726313282
GameObject:
  m_ObjectHideFlags: 0
  m_PrefabParentObject: {fileID: 100000, guid: 82b1a36d7fd2ecb408d48b44089fc5e7, type: 3}
  m_PrefabInternal: {fileID: 352820997}
  serializedVersion: 4
  m_Component:
  - 4: {fileID: 1726313283}
  m_Layer: 0
  m_Name: behindstomach_joint
  m_TagString: Untagged
  m_Icon: {fileID: 0}
  m_NavMeshLayer: 0
  m_StaticEditorFlags: 0
  m_IsActive: 1
--- !u!4 &1726313283
Transform:
  m_ObjectHideFlags: 0
  m_PrefabParentObject: {fileID: 400000, guid: 82b1a36d7fd2ecb408d48b44089fc5e7, type: 3}
  m_PrefabInternal: {fileID: 352820997}
  m_GameObject: {fileID: 1726313282}
  m_LocalRotation: {x: 0, y: -0, z: -0, w: 1}
  m_LocalPosition: {x: -0, y: .439261347, z: -2.75015783}
  m_LocalScale: {x: 1, y: 1, z: 1}
  m_Children: []
  m_Father: {fileID: 934706626}
  m_RootOrder: 0
--- !u!1 &1790866629
GameObject:
  m_ObjectHideFlags: 0
  m_PrefabParentObject: {fileID: 100032, guid: 82b1a36d7fd2ecb408d48b44089fc5e7, type: 3}
  m_PrefabInternal: {fileID: 352820997}
  serializedVersion: 4
  m_Component:
  - 4: {fileID: 1790866630}
  m_Layer: 0
  m_Name: Root_joint
  m_TagString: Untagged
  m_Icon: {fileID: 0}
  m_NavMeshLayer: 0
  m_StaticEditorFlags: 0
  m_IsActive: 1
--- !u!4 &1790866630
Transform:
  m_ObjectHideFlags: 0
  m_PrefabParentObject: {fileID: 400032, guid: 82b1a36d7fd2ecb408d48b44089fc5e7, type: 3}
  m_PrefabInternal: {fileID: 352820997}
  m_GameObject: {fileID: 1790866629}
  m_LocalRotation: {x: 0, y: -0, z: -0, w: 1}
  m_LocalPosition: {x: -0, y: 0, z: 0}
  m_LocalScale: {x: 1, y: 1, z: 1}
  m_Children:
  - {fileID: 1860322343}
  m_Father: {fileID: 795233149}
  m_RootOrder: 1
--- !u!1 &1797015356
GameObject:
  m_ObjectHideFlags: 0
  m_PrefabParentObject: {fileID: 0}
  m_PrefabInternal: {fileID: 0}
  serializedVersion: 4
  m_Component:
  - 4: {fileID: 1797015357}
  m_Layer: 0
  m_Name: 2DObject
  m_TagString: Untagged
  m_Icon: {fileID: 0}
  m_NavMeshLayer: 0
  m_StaticEditorFlags: 0
  m_IsActive: 1
--- !u!4 &1797015357
Transform:
  m_ObjectHideFlags: 0
  m_PrefabParentObject: {fileID: 0}
  m_PrefabInternal: {fileID: 0}
  m_GameObject: {fileID: 1797015356}
  m_LocalRotation: {x: 0, y: 0, z: 0, w: 1}
  m_LocalPosition: {x: 10000, y: 10000, z: 0}
  m_LocalScale: {x: 1, y: 1, z: 1}
  m_Children:
  - {fileID: 872383301}
  - {fileID: 476261566}
  - {fileID: 16856317}
  - {fileID: 157128300}
  m_Father: {fileID: 0}
  m_RootOrder: 0
--- !u!1 &1825037657
GameObject:
  m_ObjectHideFlags: 0
  m_PrefabParentObject: {fileID: 100014, guid: 82b1a36d7fd2ecb408d48b44089fc5e7, type: 3}
  m_PrefabInternal: {fileID: 352820997}
  serializedVersion: 4
  m_Component:
  - 4: {fileID: 1825037658}
  m_Layer: 0
  m_Name: leftfan1_joint
  m_TagString: Untagged
  m_Icon: {fileID: 0}
  m_NavMeshLayer: 0
  m_StaticEditorFlags: 0
  m_IsActive: 1
--- !u!4 &1825037658
Transform:
  m_ObjectHideFlags: 0
  m_PrefabParentObject: {fileID: 400014, guid: 82b1a36d7fd2ecb408d48b44089fc5e7, type: 3}
  m_PrefabInternal: {fileID: 352820997}
  m_GameObject: {fileID: 1825037657}
  m_LocalRotation: {x: 0, y: -0, z: -0, w: 1}
  m_LocalPosition: {x: -1.83556271, y: -.516851366, z: 0}
  m_LocalScale: {x: 1, y: 1, z: 1}
  m_Children:
  - {fileID: 1405710372}
  m_Father: {fileID: 1860322343}
  m_RootOrder: 1
--- !u!1001 &1832561945
Prefab:
  m_ObjectHideFlags: 0
  serializedVersion: 2
  m_Modification:
    m_TransformParent: {fileID: 1797015357}
    m_Modifications:
    - target: {fileID: 400000, guid: f36c2b70b902be14f925c9f144dbff84, type: 2}
      propertyPath: m_LocalPosition.x
      value: 0
      objectReference: {fileID: 0}
    - target: {fileID: 400000, guid: f36c2b70b902be14f925c9f144dbff84, type: 2}
      propertyPath: m_LocalPosition.y
      value: 0
      objectReference: {fileID: 0}
    - target: {fileID: 400000, guid: f36c2b70b902be14f925c9f144dbff84, type: 2}
      propertyPath: m_LocalPosition.z
      value: 0
      objectReference: {fileID: 0}
    - target: {fileID: 400000, guid: f36c2b70b902be14f925c9f144dbff84, type: 2}
      propertyPath: m_LocalRotation.x
      value: 0
      objectReference: {fileID: 0}
    - target: {fileID: 400000, guid: f36c2b70b902be14f925c9f144dbff84, type: 2}
      propertyPath: m_LocalRotation.y
      value: 0
      objectReference: {fileID: 0}
    - target: {fileID: 400000, guid: f36c2b70b902be14f925c9f144dbff84, type: 2}
      propertyPath: m_LocalRotation.z
      value: 0
      objectReference: {fileID: 0}
    - target: {fileID: 400000, guid: f36c2b70b902be14f925c9f144dbff84, type: 2}
      propertyPath: m_LocalRotation.w
      value: 1
      objectReference: {fileID: 0}
    - target: {fileID: 100000, guid: f36c2b70b902be14f925c9f144dbff84, type: 2}
      propertyPath: m_IsActive
      value: 1
      objectReference: {fileID: 0}
    - target: {fileID: 2000000, guid: f36c2b70b902be14f925c9f144dbff84, type: 2}
      propertyPath: m_Depth
      value: 100
      objectReference: {fileID: 0}
    - target: {fileID: 2000000, guid: f36c2b70b902be14f925c9f144dbff84, type: 2}
      propertyPath: far clip plane
      value: 100
      objectReference: {fileID: 0}
    - target: {fileID: 2000000, guid: f36c2b70b902be14f925c9f144dbff84, type: 2}
      propertyPath: near clip plane
      value: -100
      objectReference: {fileID: 0}
    m_RemovedComponents: []
  m_ParentPrefab: {fileID: 100100000, guid: f36c2b70b902be14f925c9f144dbff84, type: 2}
  m_RootGameObject: {fileID: 872383300}
  m_IsPrefabParent: 0
  m_IsExploded: 1
--- !u!1 &1860322342
GameObject:
  m_ObjectHideFlags: 0
  m_PrefabParentObject: {fileID: 100012, guid: 82b1a36d7fd2ecb408d48b44089fc5e7, type: 3}
  m_PrefabInternal: {fileID: 352820997}
  serializedVersion: 4
  m_Component:
  - 4: {fileID: 1860322343}
  m_Layer: 0
  m_Name: hip_joint
  m_TagString: Untagged
  m_Icon: {fileID: 0}
  m_NavMeshLayer: 0
  m_StaticEditorFlags: 0
  m_IsActive: 1
--- !u!4 &1860322343
Transform:
  m_ObjectHideFlags: 0
  m_PrefabParentObject: {fileID: 400012, guid: 82b1a36d7fd2ecb408d48b44089fc5e7, type: 3}
  m_PrefabInternal: {fileID: 352820997}
  m_GameObject: {fileID: 1860322342}
  m_LocalRotation: {x: 0, y: -0, z: -0, w: 1}
  m_LocalPosition: {x: -0, y: 0, z: 0}
  m_LocalScale: {x: 1, y: 1, z: 1}
  m_Children:
  - {fileID: 1492690649}
  - {fileID: 1825037658}
  - {fileID: 284714900}
  - {fileID: 1043318407}
  - {fileID: 934706626}
  - {fileID: 462722942}
  m_Father: {fileID: 1790866630}
  m_RootOrder: 0
--- !u!1 &1942146861
GameObject:
  m_ObjectHideFlags: 0
  m_PrefabParentObject: {fileID: 100006, guid: 82b1a36d7fd2ecb408d48b44089fc5e7, type: 3}
  m_PrefabInternal: {fileID: 352820997}
  serializedVersion: 4
  m_Component:
  - 4: {fileID: 1942146862}
  m_Layer: 0
  m_Name: fin2_joint
  m_TagString: Untagged
  m_Icon: {fileID: 0}
  m_NavMeshLayer: 0
  m_StaticEditorFlags: 0
  m_IsActive: 1
--- !u!4 &1942146862
Transform:
  m_ObjectHideFlags: 0
  m_PrefabParentObject: {fileID: 400006, guid: 82b1a36d7fd2ecb408d48b44089fc5e7, type: 3}
  m_PrefabInternal: {fileID: 352820997}
  m_GameObject: {fileID: 1942146861}
  m_LocalRotation: {x: 0, y: -0, z: -0, w: 1}
  m_LocalPosition: {x: -0, y: .439730257, z: -.393925041}
  m_LocalScale: {x: 1, y: 1, z: 1}
  m_Children: []
  m_Father: {fileID: 1492690649}
  m_RootOrder: 0
--- !u!1 &1943729411
GameObject:
  m_ObjectHideFlags: 0
  m_PrefabParentObject: {fileID: 100280, guid: 59d71fceed2e1f34eb711867ed67a9fe, type: 2}
  m_PrefabInternal: {fileID: 0}
  serializedVersion: 4
  m_Component:
  - 4: {fileID: 1943729412}
  - 108: {fileID: 1943729413}
  m_Layer: 0
  m_Name: Directional light
  m_TagString: Untagged
  m_Icon: {fileID: 0}
  m_NavMeshLayer: 0
  m_StaticEditorFlags: 0
  m_IsActive: 1
--- !u!4 &1943729412
Transform:
  m_ObjectHideFlags: 0
  m_PrefabParentObject: {fileID: 400280, guid: 59d71fceed2e1f34eb711867ed67a9fe, type: 2}
  m_PrefabInternal: {fileID: 0}
  m_GameObject: {fileID: 1943729411}
  m_LocalRotation: {x: .408217937, y: -.234569728, z: .109381661, w: .875426114}
  m_LocalPosition: {x: 1.22848976, y: 1.04691243, z: -1.18885422}
  m_LocalScale: {x: 1, y: 1, z: 1}
  m_Children: []
  m_Father: {fileID: 133291055}
  m_RootOrder: 0
--- !u!108 &1943729413
Light:
  m_ObjectHideFlags: 0
  m_PrefabParentObject: {fileID: 10800000, guid: 59d71fceed2e1f34eb711867ed67a9fe,
    type: 2}
  m_PrefabInternal: {fileID: 0}
  m_GameObject: {fileID: 1943729411}
  m_Enabled: 1
  serializedVersion: 3
  m_Type: 1
  m_Color: {r: 1, g: 1, b: 1, a: 1}
  m_Intensity: .5
  m_Range: 10
  m_SpotAngle: 30
  m_CookieSize: 10
  m_Shadows:
    m_Type: 2
    m_Resolution: 3
    m_Strength: .5
    m_Bias: .0500000007
    m_Softness: 4
    m_SoftnessFade: 1
  m_Cookie: {fileID: 0}
  m_DrawHalo: 0
  m_ActuallyLightmapped: 0
  m_Flare: {fileID: 0}
  m_RenderMode: 0
  m_CullingMask:
    serializedVersion: 2
    m_Bits: 4294967295
  m_Lightmapping: 1
  m_ShadowSamples: 1
  m_ShadowRadius: 0
  m_ShadowAngle: 0
  m_IndirectIntensity: 1
  m_AreaSize: {x: 1, y: 1}
--- !u!1 &1973840134
GameObject:
  m_ObjectHideFlags: 0
  m_PrefabParentObject: {fileID: 100002, guid: 82b1a36d7fd2ecb408d48b44089fc5e7, type: 3}
  m_PrefabInternal: {fileID: 352820997}
  serializedVersion: 4
  m_Component:
  - 4: {fileID: 1973840135}
  m_Layer: 0
  m_Name: downtail_joint
  m_TagString: Untagged
  m_Icon: {fileID: 0}
  m_NavMeshLayer: 0
  m_StaticEditorFlags: 0
  m_IsActive: 1
--- !u!4 &1973840135
Transform:
  m_ObjectHideFlags: 0
  m_PrefabParentObject: {fileID: 400002, guid: 82b1a36d7fd2ecb408d48b44089fc5e7, type: 3}
  m_PrefabInternal: {fileID: 352820997}
  m_GameObject: {fileID: 1973840134}
  m_LocalRotation: {x: 0, y: -0, z: -0, w: 1}
  m_LocalPosition: {x: -0, y: -.414237738, z: 0}
  m_LocalScale: {x: 1, y: 1, z: 1}
  m_Children: []
  m_Father: {fileID: 365602881}
  m_RootOrder: 0
--- !u!1 &1975949176
GameObject:
  m_ObjectHideFlags: 0
  m_PrefabParentObject: {fileID: 100008, guid: 82b1a36d7fd2ecb408d48b44089fc5e7, type: 3}
  m_PrefabInternal: {fileID: 352820997}
  serializedVersion: 4
  m_Component:
  - 4: {fileID: 1975949177}
  m_Layer: 0
  m_Name: frontstomack_joint
  m_TagString: Untagged
  m_Icon: {fileID: 0}
  m_NavMeshLayer: 0
  m_StaticEditorFlags: 0
  m_IsActive: 1
--- !u!4 &1975949177
Transform:
  m_ObjectHideFlags: 0
  m_PrefabParentObject: {fileID: 400008, guid: 82b1a36d7fd2ecb408d48b44089fc5e7, type: 3}
  m_PrefabInternal: {fileID: 352820997}
  m_GameObject: {fileID: 1975949176}
  m_LocalRotation: {x: 0, y: -0, z: -0, w: 1}
  m_LocalPosition: {x: -0, y: .18143402, z: 2.21540499}
  m_LocalScale: {x: 1, y: 1, z: 1}
  m_Children: []
  m_Father: {fileID: 934706626}
  m_RootOrder: 1
--- !u!1 &2131377377
GameObject:
  m_ObjectHideFlags: 0
  m_PrefabParentObject: {fileID: 100238, guid: 59d71fceed2e1f34eb711867ed67a9fe, type: 2}
  m_PrefabInternal: {fileID: 0}
  serializedVersion: 4
  m_Component:
  - 4: {fileID: 2131377378}
  - 20: {fileID: 2131377382}
  - 45: {fileID: 2131377381}
  - 92: {fileID: 2131377380}
  - 124: {fileID: 2131377379}
  m_Layer: 0
  m_Name: MainCamera
  m_TagString: MainCamera
  m_Icon: {fileID: 0}
  m_NavMeshLayer: 0
  m_StaticEditorFlags: 0
  m_IsActive: 1
--- !u!4 &2131377378
Transform:
  m_ObjectHideFlags: 0
  m_PrefabParentObject: {fileID: 400238, guid: 59d71fceed2e1f34eb711867ed67a9fe, type: 2}
  m_PrefabInternal: {fileID: 0}
  m_GameObject: {fileID: 2131377377}
  m_LocalRotation: {x: 0, y: 0, z: 0, w: 1}
  m_LocalPosition: {x: 0, y: 0, z: -.5}
  m_LocalScale: {x: 1, y: 1, z: 1}
  m_Children: []
  m_Father: {fileID: 133291055}
  m_RootOrder: 1
--- !u!124 &2131377379
Behaviour:
  m_ObjectHideFlags: 0
  m_PrefabParentObject: {fileID: 12400000, guid: 59d71fceed2e1f34eb711867ed67a9fe,
    type: 2}
  m_PrefabInternal: {fileID: 0}
  m_GameObject: {fileID: 2131377377}
  m_Enabled: 1
--- !u!92 &2131377380
Behaviour:
  m_ObjectHideFlags: 0
  m_PrefabParentObject: {fileID: 9200000, guid: 59d71fceed2e1f34eb711867ed67a9fe,
    type: 2}
  m_PrefabInternal: {fileID: 0}
  m_GameObject: {fileID: 2131377377}
  m_Enabled: 1
--- !u!45 &2131377381
Skybox:
  m_ObjectHideFlags: 0
  m_PrefabParentObject: {fileID: 4500000, guid: 59d71fceed2e1f34eb711867ed67a9fe,
    type: 2}
  m_PrefabInternal: {fileID: 0}
  m_GameObject: {fileID: 2131377377}
  m_Enabled: 1
  m_CustomSkybox: {fileID: 2100000, guid: a2126534b3a11b34e977105bd9e3cc03, type: 2}
--- !u!20 &2131377382
Camera:
  m_ObjectHideFlags: 0
  m_PrefabParentObject: {fileID: 2000000, guid: 59d71fceed2e1f34eb711867ed67a9fe,
    type: 2}
  m_PrefabInternal: {fileID: 0}
  m_GameObject: {fileID: 2131377377}
  m_Enabled: 1
  serializedVersion: 2
  m_ClearFlags: 1
  m_BackGroundColor: {r: .192156866, g: .301960796, b: .474509805, a: .0196078438}
  m_NormalizedViewPortRect:
    serializedVersion: 2
    x: 0
    y: 0
    width: 1
    height: 1
  near clip plane: .300000012
  far clip plane: 1000
  field of view: 60
  orthographic: 0
  orthographic size: 5
  m_Depth: 1
  m_CullingMask:
    serializedVersion: 2
    m_Bits: 4294967295
  m_RenderingPath: -1
  m_TargetTexture: {fileID: 0}
  m_TargetDisplay: 0
  m_HDR: 0
  m_OcclusionCulling: 1
  m_StereoConvergence: 10
  m_StereoSeparation: .0219999999
